%10.1177/20563051211059704.
@article{Scherman21,
  title={Social Media Use and Pathways to Protest Participation: Evidence From the 2019 Chilean Social Outburst},
  author={Scherman, A. and Rivera, S.},
  journal={Social Media + Society},
  year={2021},
  volume={7},
  issue = {4},
  pages= {pp.1-13}
} 
 
@article{Moreno95 ,
	title={Multiple ethnoterritorial concurrence in Spain },
	author={Moreno, L. },
	journal={Nationalism and Ethnic Politics},
	year={1995},
	volume = {1},
	issue = {1},
	pages ={pp.11-32}
}

@incollection{Turner92 ,
  title={ Personal and Social identity: self and social context},
  author={Turner, J.C. and Oakes, P.J. and Haslam, S.A. and McGarty, C.  },
   year={1992  },
  editor={ },
  booktitle = {The Self and the Collective },
  publisher={Department of Psychology Princeton University, Princeton (NJ) 7-10 May 1992},
  pages= {pp.1-19}
}